@misc{FXMLwiki,
    author    = "Wikipedia",
    title     = "FXML",
    url       = "https://en.wikipedia.org/wiki/FXML"
}


@misc{javafxDocumentation,
    author    = "Oracle",
    title     = "JavaFX Documentation",
    url       = "https://docs.oracle.com/javafx/2/api/javafx/fxml/doc-files/introduction_to_fxml.html#controllers"
}
